@book{picton2000,
    author = {Phil Picton},
    title = {Neural Networks},
    year = {2000},
    publisher = {PALGRAVE},
}

@book{nielsenANN,
    author = {Michael A. Nielsen},
    title = {Neural Networks and Deep Learning},
    year = {2015},
    publisher = {Determination Press},
    url = {http://neuralnetworksanddeeplearning.com/},
    note = {[Aktivno; pristupljeno 10-Maj-2020.]}
}

@book{russelAI,
    author = {Russell, S. and Norvig, P.},
    title = {Artificial Intelligence - A Modern Approach},
    year = {1995},
    publisher = {Prentice Hall}
}

@manual{cupicANN,
    author = {Marko Čupić},
    title = {Umjetne neuronske mreže},
    year = {2018},
    url = {http://java.zemris.fer.hr/nastava/ui/ann/ann-20180604.pdf},
    note = "[Aktivno; pristupljeno 10-Maj-2020.]"
}

@manual{cupicML,
    author = {Marko Čupić},
    title = {Strojno učenje},
    year = {2020},
    url = {http://java.zemris.fer.hr/nastava/ui/ml/ml-20200410.pdf},
    note = "[Aktivno; pristupljeno 10-Maj-2020.]"
}

@manual{cupicNENR,
    author = {Čupić, M. and Dalbelo Bašić, B. and Golub, M.},
    title = {Neizrazito, evolucijsko i neuroračunarstvo},
    year = {2013},
    url = {http://java.zemris.fer.hr/nastava/nenr/knjiga-0.1.2013-08-12.pdf},
    note = "[Aktivno; pristupljeno 10-Maj-2020.]"
}

@misc{wiki:AI,
    author = {Artificial intelligence},
    title = "Artificial intelligence --- {W}ikipedia{,} The Free Encyclopedia",
    year = "2020",
    url = "https://en.wikipedia.org/wiki/Artificial_intelligence",
    note = "[Aktivno; pristupljeno 10-Maj-2020]"
}

@misc{wiki:ML,
    author = {Machine learning},
    title = "Machine learning --- {W}ikipedia{,} The Free Encyclopedia",
    year = "2020",
    url = "https://en.wikipedia.org/wiki/Machine_learning",
    note = "[Aktivno; pristupljeno 10-Maj-2020]"
}

@article{turingAI,
    author = {Alan Turing},
    title = {Computing Machinery and Intelligence},
    year = {1950},
    journal = {Mind}
}

@misc{wiki:DART,
    author = {{Dartmouth workshop}},
    title = "Dartmouth workshop --- {W}ikipedia{,} The Free Encyclopedia",
    year = "2020",
    url = "https://en.wikipedia.org/wiki/Dartmouth_workshop",
    note = "[Aktivno; pristupljeno 10-Maj-2020]"
}